@inproceedings{vec2sparql,
  author    = {Maxat Kulmanov and
               Senay Kafkas and
               Andreas Karwath and
               Alexander Malic and
               Georgios V. Gkoutos and
               Michel Dumontier and
               Robert Hoehndorf},
  editor    = {Andra Waagmeester and
               Christopher J. O. Baker and
               Andrea Splendiani and
               Oya Deniz Beyan and
               M. Scott Marshall},
  title     = {Vec2SPARQL: integrating {SPARQL} queries and knowledge graph embeddings},
  booktitle = {Proceedings of the 11th International Conference Semantic Web Applications
               and Tools for Life Sciences, {SWAT4LS} 2018, Antwerp, Belgium, December
               3-6, 2018},
  series    = {{CEUR} Workshop Proceedings},
  volume    = {2275},
  publisher = {CEUR-WS.org},
  year      = {2018},
  url       = {http://ceur-ws.org/Vol-2275/paper12.pdf},
  timestamp = {Wed, 12 Feb 2020 16:44:20 +0100},
  biburl    = {https://dblp.org/rec/conf/swat4ls/KulmanovKKMGDH18.bib},
  bibsource = {dblp computer science bibliography, https://dblp.org}
}

@inproceedings{ijcai2019-845,
  title     = {EL Embeddings: Geometric Construction of Models for the Description Logic EL++},
  author    = {Kulmanov, Maxat and Liu-Wei, Wang and Yan, Yuan and Hoehndorf, Robert},
  booktitle = {Proceedings of the Twenty-Eighth International Joint Conference on
               Artificial Intelligence, {IJCAI-19}},
  publisher = {International Joint Conferences on Artificial Intelligence Organization},             
  pages     = {6103--6109},
  year      = {2019},
  month     = {7},
  doi       = {10.24963/ijcai.2019/845},
  url       = {https://doi.org/10.24963/ijcai.2019/845},
}

